@article{hou2010housing,
  author={Hou, Y.},
  title={Housing price bubbles in Beijing and Shanghai?: A multi‐indicator analysis},
  journal={International Journal of Housing Markets and Analysis},
  volume={3},
  number={1},
  pages={17--37},
  year={2010},
  publisher={Emerald},
  doi={10.1108/17538271011027050},
  url={https://doi.org/10.1108/17538271011027050}
}

@article{ZHANG201872,
  author = {Lei Zhang and Yimin Yi},
  title = {What contributes to the rising house prices in Beijing? A decomposition approach},
  journal = {Journal of Housing Economics},
  volume = {41},
  pages = {72-84},
  year = {2018},
  issn = {1051-1377},
  doi = {https://doi.org/10.1016/j.jhe.2018.04.003},
  url = {https://www.sciencedirect.com/science/article/pii/S1051137717301250}
}


@article{qin_han_2013,
  title={Emerging Polycentricity in Beijing: Evidence from Housing Price Variations, 2001–05},
  author={Qin, Bo and Han, Sun Sheng},
  journal={Urban Studies},
  volume={50},
  number={10},
  pages={2006--2023},
  year={2013},
  publisher={SAGE Publications},
  doi={10.1177/0042098012471979},
  url={https://doi.org/10.1177/0042098012471979}
}

@article{han2021winning,
  title={Winning at the starting line: The primary school premium and housing prices in Beijing},
  author={Han, X. and Shen, Y. and Zhao, B.},
  journal={China Economic Quarterly International},
  volume={1},
  number={1},
  pages={29-42},
  year={2021},
  publisher={Elsevier},
  doi={10.1016/j.ceqi.2020.12.001},
  url={https://doi.org/10.1016/j.ceqi.2020.12.001}
}